% This file was created with JabRef 2.4.1.
% Encoding: Cp1252

@MISC{misc:volumeshop101,
  author = {{Stefan Bruckner}},
  title = {http://www.cg.tuwien.ac.at/volumeshop},
  note = {Accessed: 2013-04-01}
}

@BOOK{book:computerGraphicsHill,
  title = {{Computer Graphics Using OpenGL}},
  publisher = {Pearson Education Inc.},
  year = {2010},
  author = {Hill Jr., F.S. and Kelley, S.M.},
  edition = {3.},
  owner = {pl},
  timestamp = {2013.03.28}
}

@BOOK{book:computerGraphicsHearn,
  title = {{Computer Graphics with OpenGL}},
  publisher = {Pearson Education Inc.},
  year = {2003},
  author = {Hearn, D. and Baker, M.P.},
  edition = {3.},
  owner = {pl},
  timestamp = {2013.03.28}
}

@INPROCEEDINGS{proc:volumeshop,
  author = {Bruckner, S. and Gr{\"o}ller, M. E.},
  title = {{VolumeShop: An Interactive System for Direct Volume Illustration}},
  booktitle = {Proceedings of IEEE Visualization 2005,
	Oct, Minneapolis, USA},
  year = {2005},
  pages = {671--678},
  publisher = {}
}

@ARTICLE{jour:correa,
  author = {Carlos D. Correa},
  title = {{Visualizing what lies inside}},
  journal = {SIGGRAPH Computer Graphics},
  year = {2009},
  volume = {43},
  articleno = {5},
  number = {2}
}

@ARTICLE{jour:interactiveCutaway,
  author = {Li, W. and Ritter, L. and Agrawala, M. and Curless, B. and Salesin, D.},
  title = {{Interactive cutaway illustrations of complex 3D models}},
  journal = {ACM Transactions on Graphics},
  year = {2007},
  volume = {26},
  articleno = {31},
  number = {3}
}

@INPROCEEDINGS{proc:intelligentCutaway,
  author = {Sigg, S. and Fuchs, R. and Carnecky, R. and Peikert, R.},
  title = {{Intelligent cutaway illustrations}},
  booktitle = {Pacific Visualization Symposium (PacificVis), 2012 IEEE},
  year = {2012},
  pages = {185--192},
  publisher = {}
}

@ARTICLE{jour:generationExplodedView,
  author = {Li, W. and Agrawala, M. and Curless, B. and Salesin, D.},
  title = {{Automated generation of interactive 3D exploded view diagrams}},
  journal = {ACM Transactions on Graphics},
  year = {2008},
  volume = {27},
  articleno = {101},
  number = {3}
}

@ARTICLE{jour:explodedView,
  author = {Bruckner, S. and Gr{\"o}ller, M. E.},
  title = {{Exploded Views for Volume Data}},
  journal = {IEEE Transactions on Visualization and Computer Graphics},
  year = {2006},
  volume = {12},
  pages = {1077--1084},
  number = {5}
}

@ARTICLE{jour:adaptiveCutaways,
  author = {Burns, M. and Finkelstein, A.},
  title = {{Adaptive cutaways for comprehensible rendering of polygonal scenes}},
  journal = {ACM Transactions on Graphics},
  year = {2008},
  volume = {27},
  pages = {154:1--154:7},
  number = {5}
}

@INCOLLECTION{incoll:cutawayIllustration,
  author = {Kn{\"o}del, S. and Hachet, M. and Guitton, P.},
  title = {{Interactive Generation and Modification of Cutaway Illustrations for Polygonal Models}},
  booktitle = {{Smart Graphics}},
  publisher = {Springer Berlin Heidelberg},
  year = {2009},
  editor = {Butz, A. and Fisher, B. and Christie, M. and Kr{\"u}ger, A. and Olivier, P. and Ther{\'o}n, R.},
  pages = {140-151}
}